@inproceedings{vnoi,
    author  = "Trịnh Quang Anh",
    title   = {\href{https://wiki.vnoi.info/algo/string/kmp}{Thuật toán {K}{M}{P}}},
    booktitle = {VNOI Wiki},
    year = 2024,
}
@inproceedings{cpAlgo,
    author  = "Jakob Kogler and Mariia Mykhailova and Oleksandr Kulkov and Morass",
    title   = {\href{https://cp-algorithms.com/string/prefix-function.html}{Prefix function}},
    booktitle = {Algorithms for Competitive Programming},
}
@inproceedings{vnoj,
    author  = "Nguyễn Minh Nhật",
    title   = {\href{https://wiki.vnoi.info/algo/string/aho-corasick}{Thuật toán {A}ho {C}orasick}},
    booktitle = {VNOI Wiki},
    year = 2024,
}
@inproceedings{CpAlgor,
    author  = "Jakob Kogler and wikku and Oleksandr Kulkov",
    title   = {\href{https://cp-algorithms.com/string/aho_corasick.html}{Aho-{C}orasick algorithm}},
    booktitle = {Algorithms for Competitive Programming},
}
@inproceedings{stanford,
    author  = "Stanford University - CS166",
    title   = {\href{https://web.stanford.edu/class/archive/cs/cs166/cs166.1166/lectures/02/Slides02.pdf}{Aho-{C}orasick algorithm}},
    booktitle = {Aho-Corasick Automata},
}
